<?xml version="1.0" encoding="UTF-8"?><collection xmlns="http://www.loc.gov/MARC21/slim"><record><leader>00530nam--2200169-i-4500</leader><controlfield tag="001">000032889</controlfield><controlfield tag="002">20161230</controlfield><controlfield tag="005">20161230201039</controlfield><controlfield tag="008">060222s1000------------r-----000-0-eng-d</controlfield><datafield ind1=" " ind2=" " tag="040"><subfield code="a">IFIN-HH</subfield></datafield><datafield ind1=" " ind2=" " tag="080"><subfield code="a">539.125.5</subfield></datafield><datafield ind1="1" ind2=" " tag="110"><subfield code="a">Usaec Division Of Technical Information Extension</subfield></datafield><datafield ind1="1" ind2="0" tag="245"><subfield code="a">Cinda 68 supplement</subfield><subfield code="b">An index to the literature on microscopic neutron data january 15, 1969</subfield></datafield><datafield ind1=" " ind2=" " tag="260"><subfield code="a">Saclay</subfield><subfield code="b">Enea Neutron Data Compilation Centre</subfield><subfield code="c">1969</subfield></datafield><datafield ind1=" " ind2=" " tag="300"><subfield code="a">181P</subfield></datafield><datafield ind1=" " ind2=" " tag="852"><subfield code="a">31563</subfield><subfield code="c">539.12</subfield></datafield><datafield ind1=" " ind2=" " tag="CAT"><subfield code="a">Sys</subfield><subfield code="c">20160330</subfield><subfield code="h">095504</subfield></datafield></record></collection>